<record><leader>00000cas a22000007a 4500</leader><controlfield tag="001">11151182</controlfield><controlfield tag="008">840913d19uu1951mtuwr ne      0    0eng d</controlfield><datafield ind1=" " ind2=" " tag="010"><subfield code="a">sn 84036185 </subfield></datafield><datafield ind1=" " ind2=" " tag="040"><subfield code="a">MTL</subfield><subfield code="b">eng</subfield><subfield code="c">MTL</subfield><subfield code="d">OCLCQ</subfield></datafield><datafield ind1=" " ind2=" " tag="042"><subfield code="a">msc</subfield></datafield><datafield ind1="0" ind2=" " tag="130"><subfield code="a">Herald (Billings, Mont.)</subfield></datafield><datafield ind1="1" ind2="4" tag="245"><subfield code="a">The Herald.</subfield></datafield><datafield ind1=" " ind2=" " tag="260"><subfield code="a">Billings, Mont. :</subfield><subfield code="b">The Yellowstone,</subfield><subfield code="c">-1951.</subfield></datafield><datafield ind1=" " ind2=" " tag="300"><subfield code="a">v. :</subfield><subfield code="b">ill.</subfield></datafield><datafield ind1=" " ind2=" " tag="310"><subfield code="a">Weekly</subfield></datafield><datafield ind1="0" ind2=" " tag="362"><subfield code="a">-v. 24, no. 46 (July 12, 1951).</subfield></datafield><datafield ind1=" " ind2=" " tag="500"><subfield code="a">"Local-state-livestock-agriculture-oil news-mining."</subfield></datafield><datafield ind1=" " ind2=" " tag="500"><subfield code="a">Publishers: Yellowstone, Inc., &lt;1947&gt;-1948.--C.K. Shore, 1948-1949.--Herald Pub. Co., 1949-1951.</subfield></datafield><datafield ind1=" " ind2=" " tag="515"><subfield code="a">Last issue published with: Midland review, and uses its numbering.</subfield></datafield><datafield ind1=" " ind2=" " tag="580"><subfield code="a">Continues: Yellowstone and the Billings herald [non-extant].</subfield></datafield><datafield ind1=" " ind2=" " tag="588"><subfield code="a">Description based on: Vol. 35, no. 48 (Aug. 21, 1947).</subfield></datafield><datafield ind1=" " ind2=" " tag="752"><subfield code="a">United States</subfield><subfield code="b">Montana</subfield><subfield code="c">Yellowstone</subfield><subfield code="d">Billings.</subfield></datafield><datafield ind1="0" ind2="7" tag="785"><subfield code="t">Midland review (Billings, Mont.)</subfield></datafield><datafield ind1="0" ind2="7" tag="785"><subfield code="t">Yellowstone news</subfield><subfield code="w">(DLC)sn 84036186</subfield></datafield></record>